@misc{haggerty,
    author = "Nicole Haggerty",
    title = "Understanding the Link between IT Project Manager Skills and Project Success",
    year = "2000"
}

@misc{langer,
    author = "Nishtha Langer and Sandra Slaughter and Tridas Mukhopadhyay",
    title = "How do Project Managers’ Skills Affect Project Success in IT Outsourcing?",
    year = "2008"
}

@misc{podgorska,
    author = "Marzena Podgórska and Magdalena Pichlak",
    title = "Analysis of project managers’leadership competencies Project success relation: what are the competencies of polish project leaders?",
    year = "2018"
}

@misc{jiang,
    author = "James J. Jiang and Gary Klein and Steve Margulis",
    title = "Important Behavioral Skills for IS Project Managers: The Judgments of Experienced IS Professionals",
    year = "1998"
}

@misc{hobbs,
    author = "Lynn Crawford and J. Brian Hobbs and J. Rodney Turner",
    title = "Project Categorizations Systems: Aligning Capability with Strategy for Better Results",
    year = "2005"
}

@misc{promoting,
    author = "Ignacio De Los Rios-Carmenado and Fernando Rodriguez Lopez and Cristina Perez Garcia",
    title = "Promoting Professional Project Management Skills in Engineering Higher Education: Project-Based Learning (PBL) Strategy",
    year = "2015"
}

@misc{data,
    author = "Kittisak Umaji and Worapat Paireekreng",
    title = "A Study of Project Manager Skills for Enterprise Data Platform Project",
    year = "2021"
}

@misc{metodyka,
    author = "Marek Ćwiklicki",
    title = "Metodyka przeglądu zakresu literatury (scoping review)",
    year = "2020"
}

@misc{pmbok,
    author = "Project Management Institute",
    title = "PMBOK Guide – Fourth Edition",
    year = "2009"
}

@misc{pmbok6,
    author = "Project Management Institute",
    title = "PMBOK Guide – Sixth Edition",
    year = "2017"
}

@misc{pmbok7,
    author = "Project Management Institute",
    title = "PMBOK Guide – Seventh Edition",
    year = "2021"
}

@article{triangle,
    author = "Pollack, Julien and Helm, Jane and Adler, Daniel",
    year = "2018",
    title = "What is the Iron Triangle, and how has it changed?",
    journal = "International Journal of Managing Projects in Business",
    doi = "10.1108/IJMPB-09-2017-0107"
}

@misc{triangle2,
    author = "Van Wyngaard, C. and Pretorius, Jan-Harm and Pretorius, Leon",
    year = "2012",
    title = "Theory of the triple constraint — A conceptual review",
    doi = "10.1109/IEEM.2012.6838095"
}

@misc{challanges,
    author = "Wyrozębski, Paweł and Trocki, Michal and Bukłaha, Emil and Juchniewicz, Mateusz and Kandefer-Winter, Katarzyna and Bartosz, Grucza and Sońta-Drączkowska, Ewa and Metelski, Witalij and Wąsowski, Krzysztof",
    year = "2016",
    title = "Project Management - Challenges and Research Results",
    doi = "10.6084/m9.figshare.4502792"
}

@book{PMI2021,
    author = "Project Management Institute",
    year = "2021",
    title = "A Guide to the Project Management Body of Knowledge (PMBOK Guide)",
    publisher = "PMI"
}

@book{Turner2016,
    author = "J. R. Turner",
    year = "2016",
    title = "Gower Handbook of Project Management",
    publisher = "Routledge"
}

@book{Kerzner2017,
    author = {H. Kerzner},
    year = {2017},
    title = {Project Management: A Systems Approach to Planning, Scheduling, and Controlling},
    publisher = {John Wiley \& Sons}
}

@book{Meredith2020,
    author = "J. R. Meredith and S. J. Mantel",
    year = "2020",
    title = "Project Management: A Managerial Approach",
    publisher = "Wiley"
}

@book{Gruca2020,
    author = "B. Gruca",
    year = "2020",
    title = "Zarządzanie projektami: Metody i narzędzia",
    publisher = "PWN"
}

@misc{pwc,
    author = "PWC",
    title = "Capital Projects and Infrastructure Spending, Outlook to 2025",
    year = "2014"
}

@misc{PMIPulse,
    author = "PMI",
    title = "Pulse of profession",
    year = "2017"
}

@misc{wdr,
    author = "World Bank Group",
    title = "World Development Report",
    year = "2016"
}

@misc{chaos,
    author = "Standish Group",
    title = "CHAOS Report",
    year = "2015"
}

@misc{arras2010,
    author = "Arras People",
    title = "Project Management Benchmark Report",
    year = "2010"
}

@misc{arras2015,
    author = "Arras People",
    title = "Project Management Benchmark Report",
    year = "2015"
}

@article{Juchniewicz2018,
    author = "Juchniewicz, M.",
    year = "2018",
    title = "Projektyzacja – koncepcja, zakres, konsekwencje",
    journal = "Studia i Prace Kolegium Zarządzania i Finansów SGH"
}

@article{Midler1995,
    author = "Midler, C.",
    year = "1995",
    title = "Projectification of the Firm: The Renault Case",
    journal = "Scandinavian Journal of Management"
}

@article{Maylor2006,
    author = "Maylor, H. and Brady, T. and Cooke-Davies, T. and Hodgson, D.",
    year = "2006",
    title = "From Projectification to Programmification",
    journal = "International Journal of Project Management"
}

@article{Jalocha2012,
    author = "Jałocha, B.",
    year = "2012",
    title = "Projectification of the European Union and its Implications for Public Labour Market Organisations in Poland",
    journal = "Journal of Project, Program and Portfolio Management"
}

@book{Prawelska2011,
    author = "Prawelska-Skrzypek, G.",
    year = "2011",
    title = "Zarządzanie projektami jako szansa i wyzwanie dla administracji publicznej",
    publisher = "Wydawnictwo SGH"
}

@book{Nieto,
    author = "A. Nieto-Rodriguez",
    year = "2017",
    title = "The Focused Organizations",
    publisher = "Gower"
}

@book{NicholasSteyn,
    author = "John M. Nicholas and Herman Steyn",
    year = "2012",
    title = "Project Management for Business, Engineering, and Technology",
    publisher = "Elsevier"
}

@article{BlackburnSarah,
    author = "Blackburn, Sarah",
    year = "2002",
    title = "The project manager and the project-network",
    journal = "International Journal of Project Management",
    doi = "10.1016/S0263-7863(01)00069-2"
}

@article{Sommerville,
    author = "Sommerville, James and Craig, Nigel and Hendry, Julie",
    year = "2010",
    title = "The role of the project manager: All things to all people?",
    journal = "Structural Survey",
    doi = "10.1108/02630801011044235"
}

@article{turnermuller,
    author = "Rodney Turner and Ralf Müller",
    year = "2004",
    title = "Communication and Co-operation on Projects Between the Project Owner As Principal and the Project Manager as Agent",
    journal = "European Management Journal",
    doi = "10.1016/j.emj.2004.04.010"
}

@book{Roman,
    author = "Daniel Roman",
    year = "1980",
    title = "Science, Technology, and Innovation: A Systems Approach",
    publisher = "Grid Publishing"
}

@book{vaupel,
    author = "R. Vaupel and G. Schmolke and A. Kruger",
    year = "2000",
    title = "Customer-focused management by projects",
    publisher = "MacMillan Publisher"
}

@article{Alvarenga,
    author = "Jeferson Carvalho Alvarenga and Robson Rosa Branco and André Luis Azevedo Guedes and Carlos Alberto Pereira Soares and Wainer da Silveira e Silva",
    year = "2019",
    title = "The project manager core competencies to project success",
    journal = "International Journal of Managing Projects in Business",
    doi = "10.1108/IJMPB-12-2018-0274"
}

@article{MUMFORD200011,
    author = "Michael D Mumford and Stephen J Zaccaro and Francis D Harding and T.Owen Jacobs and Edwin A Fleishman",
    year = "2000",
    title = "Leadership skills for a changing world: Solving complex social problems",
    journal = "The Leadership Quarterly",
    doi = "https://doi.org/10.1016/S1048-9843(99)00041-7"
}

@article{brill,
    author = "Jennifer M. Brill and M. J. Bishop and Andrew E. Walker",
    year = "2006",
    title = "The Competencies and Characteristics Required of an Effective Project Manager: A Web-Based Delphi Study",
    journal = "ITLS Faculty Publications",
    doi = "10.1007/s11423-006-8251-y"
}

@article{ziek,
    author = "Paul Ziek and J. Dwight Anderson",
    year = "2015",
    title = "Communication, dialogue and project management",
    journal = "International Journal of Managing Projects in Business",
    doi = "10.1108/IJMPB-04-2014-0034"
}

@article{analizaMulti,
    author = "Maxwell Chipulu and Jun Guan Neoh and Udechukwu (Udi) Ojiako and Terry Williams",
    year = "2012",
    title = "A Multidimensional Analysis of Project Manager Competences",
    journal = "IEEE Transactions on Engineering Management",
    doi = "10.1109/TEM.2012.2215330"
}

@article{Tabassi,
    author = "Amin Akhavan Tabassi and Kamand M. Roufechaei and Mahyuddin Ramli and Abu Hassan Abu Bakar and Radzi Ismail and Hamid Kadir Pakir",
    year = "2016",
    title = "Leadership Competences of Sustainable Construction Project Managers",
    journal = "Journal of Cleaner Production",
    doi = "10.1016/j.jclepro.2016.02.076"
}

@misc{burns,
    author = "J. M. Burns",
    year = "1978",
    title = "Leadership. Harper \& Row."
}

@article{turnermuller2010,
    author = "Rodney Turner and Ralf Müller",
    year = "2010",
    title = "Leadership competency profiles of successful project managers",
    journal = "International Journal of Project Management",
    doi = "10.1016/j.ijproman.2009.09.003"
}

@article{Gottschalk,
    author = "Petter Gottschalk and Jan Terje Karlsen",
    year = "2005",
    title = "A comparison of leadership roles in internal IT projects versus outsourcing projects.",
    journal = "Industrial Management \& Data Systems",
    doi = "10.1108/02635570510633220 3"
}

@article{Koppensteiner,
    author = "N. Udo and S. Koppensteiner",
    year = "2004",
    title = "What are the core competencies of a successful project manager? Paper presented at PMI® Global Congress 2004—EMEA",
    journal = "Project Management Institute"
}

@book{ITPM,
    author = "Kathy Schwalbe",
    year = "2018",
    title = "Information Technology Project management",
    publisher = "Cengage"
}

@book{ITPMChmielarz,
    author = "Witold Chmielarz",
    year = "2015",
    title = "Information Technology Project management",
    publisher = "Wydawnictwo Naukowe Wydziału Zarządzania"
}

@article{gido,
    author = "Gido, J. and Clements, J.P.",
    year = " 1999",
    title = "Successful Project Management",
    journal = "South Western Hill",
}

@book{Rosenau,
    author = {James Rosenau},
    year = {1998},
    title = {Successful Project Management},
    publisher = {John Wiley \& Sons Australia, Limited},
}

@article{SDLC,
author = {Suburayan, Velmourougan and Davachelvan, P. and Kayalvizhi, S.},
title = {Evolving A New Model (SDLC Model2010) For Software Development Life Cycle (SDLC)},
journal = {International Journal of Computer Science and Network Security},
year = {2010}
}

@book{ITPMMarchewka,
    author = "Jack T. Marchewka ",
    year = "2003",
    title = "Information Technology Project management",
    publisher = "Northern Illinois University"
}

@book{McConnell,
    author = "McConnell, S.",
    year = "1996",
    title = "Rapid Development: Taming Wild Software Schedules",
    publisher = "Microsoft Press"
}

@book{pragmatic,
    author = "David Thomas and Andrew Hunt",
    year = "2021",
    title = "Pragmatyczny programista Od czeladnika do mistrza",
    publisher = "Helion"
}

@article{komunikacja,
author = {Mbonigaba Celestin and Hategekimana Jean Paul and
Niyigena Clementine},
year = {2023},
title = {Analysis of Effective Communication and Project Success: Survey on Electricity Access Roll Out Project at EDCL -EARP},
journal = "International Journal of Computational Research and Development"
}

@article{Tohidi,
author = {Tohidi, Hamid},
year = {2011},
month = {12},
pages = {925-929},
title = {Human resources management main role in information technology project management},
volume = {3},
journal = {Procedia CS},
doi = {10.1016/j.procs.2010.12.151}
}

@article{robey,
author = {Lyytinen, K. and Robey, D. },
year = {1999},
title = {Learning failure in information systems development.},
journal = {Information Systems Journal},
}

@article{rubinstein,
author = {Rubinstein, D.},
year = {2007},
title = {Standish Group report: There’s less development chaos today},
journal = {Software Development Times},
}

@misc{canada,
    author = "Report of the Auditor General of Canada",
    title = "Systems under development: Managing the risks",
    year = "1995"
}

@misc{gov,
    author = "Report Summary no. 200, Parliamentary Office of Science and Technology",
    title = "Government IT projects.",
    year = "2003"
}

@article{ryzyka,
author = {Gemino, Andrew and Reich, Blaize and Sauer, Chris},
year = {2008},
month = {01},
pages = {9-44},
title = {A Temporal Model of Information Technology Project Performance},
volume = {24},
journal = {J. of Management Information Systems},
doi = {10.2753/MIS0742-1222240301}
}

@book{swebok,
    author = "H. Washizaki",
    year = "2024",
    title = "Guide to the Software Engineering Body of Knowledge (SWEBOK Guide)",
    publisher = "Waseda University Japan"
}

@book{program,
    author = "K. Nidiffer and C. Woody and T.A. Chick",
    year = "2018",
    title = " Program Manager’s Guidebook for Software Assurance",
    publisher = "Software Solutions and CERT Divisions, Software Engineering Institute"
}

@article{mcfarlan,
author = {McFarlan, F.W.},
year = {1981},
title = {Portfolio approach to information systems.},
journal = {Harvard Business Review,},
}

@article{zmud,
author = {Zmud, R.W.},
year = {1980},
title = {Management of large software development efforts},
journal = {MIS Quarterly},
}


@article{barki,
author = {Barki, H. and Rivard, S. and Talbot, J.},
year = {1993},
title = {Toward an assessment of software development risk.},
journal = {Journal of Management Information Systems},
}

@misc{gartner,
    author = "Gartner, Inc.",
    title = "Gartner Says Worldwide IT Spending Forecast to Grow 2.4 Percent in 2017",
    year = "2014"
}

@misc{job,
    author = "Project Management Institute",
    title = "Project Management Job Growth and Talent Gap",
    year = "2017"
}

@article{keil,
author = {Keil, M. and Cule, P.E. and Lyytinen, K. and Schmidt, R.C.},
year = {1998},
title = {A framework for identifying software project risks.},
journal = {Communications of the ACM},
}

@article{sharma,
author = {Sharma, R. and Yetton, P.},
year = {2003},
title = {The contingent effects of management support and task interdependence on successful information systems implementation.},
journal = {MIS Quarterly},
}

@article{yetton,
author = {Yetton, P. and Martin, A. and Sharma, R. and Johnston, K.},
year = {2000},
title = {A model of information systems development project performance.},
journal = {Information Systems Journal},
}

@article{gemino,
author = {Sauer, C. and Gemino, A. and Reich, B.H.},
year = {2007},
title = {IT project performance: The impact of size and volatility},
journal = {Communications of the ACM},
}

@article{powell1992information,
  title={Information technology evaluation: is it different?},
  author={Powell, Philip},
  journal={Journal of the operational research society},
  year={1992},
  publisher={Taylor \& Francis},
}

@article{thomaidis2006evaluation,
  title={The evaluation of information technology projects: A fuzzy multicriteria decision-making approach},
  author={Thomaidis, Nikolaos S and Nikitakos, Nikitas and Dounias, Georgios D},
  journal={International Journal of Information Technology \& Decision Making},
  year={2006},
  publisher={World Scientific}
}

@book{williams1967technology,
  author    = {Williams, B. R.},
  title     = {Technology, Investment and Growth},
  publisher = {Chapman \& Hall},
  address   = {London},
  year      = {1967},
}

@article{Currie1989,
  author  = {Currie, W.},
  year    = {1989},
  title   = {The art of justifying new technology to top management},
  journal = {Omega},
}

@article{alshamrani2015comparison,
  title={A comparison between three SDLC models waterfall model, spiral model, and Incremental/Iterative model},
  author={Alshamrani, Adel and Bahattab, Abdullah},
  journal={International Journal of Computer Science Issues (IJCSI)},
  volume={12},
  number={1},
  pages={106},
  year={2015}
}

@article{arora2016analysis,
  title={Analysis of SDLC models},
  author={Arora, Ritika and Arora, Neha},
  journal={International Journal of Current Engineering and Technology},
  volume={6},
  number={1},
  pages={268--272},
  year={2016},
  publisher={Citeseer}
}

@book{sommerville2015software,
  author    = {Ian Sommerville},
  title     = {Software Engineering},
  edition   = {10th},
  publisher = {Pearson},
  year      = {2015}
}

@book{farley2021,
  author    = {D. Farley},
  title     = {Modern Software Engineering: Doing What Works to Build Better Software Faster},
  publisher = {Addison-Wesley Professional},
  month     = {December},
  year      = {2021}
}

@article{royce1970,
  author    = {Winston W. Royce},
  title     = {Managing the Development of Large Software Systems},
  journal   = {Proceedings of IEEE WESCON},
  year      = {1970},
  pages     = {1--9}
}

@article{dyba2009we,
  title={What do we know about agile software development?},
  author={Dyba, Tore and Dingsoyr, Torgeir},
  journal={IEEE software},
  volume={26},
  number={5},
  pages={6--9},
  year={2009},
  publisher={IEEE}
}

@article{dyba2000,
  author = {T. Dybå},
  title = {Improvisation in Small Software Organizations},
  journal = {IEEE Software},
  volume = {17},
  number = {5},
  year = {2000},
  pages = {82--87}
}

@article{boehm2002,
  author = {B. Boehm},
  title = {Get Ready for Agile Methods, with Care},
  journal = {Computer},
  volume = {35},
  number = {1},
  year = {2002},
  pages = {64--69}
}

@article{nerur2007,
  author = {S. Nerur and V. Balijepally},
  title = {Theoretical Reflections on Agile Development Methodologies},
  journal = {Communications of the ACM},
  volume = {50},
  number = {3},
  year = {2007},
  pages = {79--83}
}

@article{meyer2014agile,
  title={Agile},
  author={Meyer, Bertrand},
  journal={The good, the hype and the ugly. Switzerland: Springer International Publishing},
  year={2014},
  publisher={Springer}
}


@misc{agileManifesto,
  title     = {Manifesto for Agile Software Development},
  author    = {{Agile Alliance}},
  year      = {2001},
  url       = {http://agilemanifesto.org/}
}

@article{robertson2007globalization,
  title={What is globalization?},
  author={Robertson, Roland and White, Kathleen E},
  journal={The Blackwell companion to globalization},
  pages={54--66},
  year={2007},
  publisher={Wiley Online Library}
}

@incollection{McGrew1990,
  author    = "McGrew, Anthony",
  title     = "A Global Society",
  editor    = "Hall, Stuart and Held, David and McGrew, Anthony",
  booktitle = "Modernity and Its Futures",
  publisher = "Polity Press",
  address   = "Cambridge",
  year      = 1990
}

@article{ebrahim2009virtual,
  title={Virtual teams: A literature review},
  author={Ebrahim, Nader Ale and Ahmed, Shamsuddin and Taha, Zahari},
  journal={Australian journal of basic and applied sciences},
  volume={3},
  number={3},
  pages={2653--2669},
  year={2009}
}

@article{loh1992determinants,
  title={Determinants of information technology outsourcing: A cross-sectional analysis},
  author={Loh, Lawrence and Venkatraman, Natarjan},
  journal={Journal of management information systems},
  volume={9},
  number={1},
  pages={7--24},
  year={1992},
  publisher={Taylor \& Francis}
}

@article{Kanter1979,
  author  = {Kanter, Rosabeth Moss},
  title   = {Power Failure in Management Circuits},
  journal = {Harvard Business Review},
  year    = {1979},
  volume  = {57},
  number  = {4},
  pages   = {65--75},
  month   = {jul--aug}
}

@book{Mintzberg1983,
  author    = {Mintzberg, Henry},
  title     = {Power In and Around Organizations},
  year      = {1983},
  publisher = {Prentice-Hall},
  address   = {Englewood Cliffs, NJ}
}

@article{stevenson2010pm,
  title={PM critical competency index: IT execs prefer soft skills},
  author={Stevenson, Deborah H and Starkweather, Jo Ann},
  journal={International journal of project management},
  volume={28},
  number={7},
  pages={663--671},
  year={2010},
  publisher={Elsevier}
}

@article{silva2015project,
  title={IT project manager competencies and IT project success: a qualitative study.},
  author={Silva de Ara{\'u}jo, C{\'\i}ntia Cristina and Pedron, Cristiane Drebes},
  journal={Organisational Project Management},
  volume={2},
  number={1},
  year={2015}
}